3045 3569
1310 99 1707 130 ---v--—·

152 197 161 207 ·
241 184 262 207 ’-
248 188 627 263 ⁸*th
649 187 983 250 pontificum,
1031 201 1251 251 quorum
1288 187 1485 253 glossae
1532 186 1726 247 aliquot
1763 196 1932 248 extant
1981 188 2114 251 apud
2146 188 2360 234 Festum.
2429 187 2643 231 Alterius
2683 201 2768 251 ge·

190 292 195 296 .
247 252 673 317 *41th
686 255 944 316 praebent
981 255 1122 339 leges
1168 264 1282 302 tum
1313 255 1517 307 ,Atticae
1566 253 1789 314 Solonis,
1839 265 1946 301 tum
1996 256 2257 301 Romanae
2285 254 2393 298 XII.
2432 253 2766 309 Tabularum,

232 335 366 381 -mx
398 331 550 385 quae
588 321 644 370 in
682 321 782 367 iuis
814 322 1046 369 extabant
1084 320 1361 383 ἀποινᾶν,
1400 320 1783 381 δρασκάζειν,
1825 323 2103 376 ἐπαίτιοι,
2144 323 2488 380 ἐπιορκεῖν,
2524 321 2766 373 κλέπος,

245 385 481 446 αξςςδς,,
495 388 861 448 ποδοκάκκη,
884 406 958 435 ue
1016 394 1290 447 ασμένως
1323 384 1692 443 uelato-eac,
1728 390 2331 455 etaliaeiusdemgeneris
2348 399 2489 434 erant
2509 398 2764 433 oratorum

247 458 527 515 Attianum:
547 465 740 517 aetate,
775 456 825 504 id
855 404 1004 520 quod²
1012 458 1184 519 Lysias
1217 469 1267 505 et
1292 458 1662 505 Demosthenes
1697 457 1810 502 satis
1852 458 2208 520 comprobant,
2241 472 2346 503 non
2369 455 2536 501 minus
2557 455 2764 501 obscura

248 527 394 581 enlin
392 523 577 588 vulg-us
600 524 787 587 ignota,
823 541 973 586 quarn
999 525 1249 572 Ciceronis
1274 536 1435 572 aetate
1460 522 1618 572 doctis
1649 533 1841 570 tantum
1872 525 2158 571 hominibus
2192 524 2464 582 constabat,
2498 523 2762 581 adsiduus,

247 604 450 651 ancora,
472 591 998 652 *calvatunaeaussam
1033 594 1294 653 conticere,
1332 609 1391 638 ex
1418 594 1529 639 iure
1557 606 1760 651 manum
1781 601 2082 651 consertum,
2117 593 2254 652 escit,
2286 591 2604 649 intestabilis,
2638 605 2763 635 nan-

245 660 401 717 citor,
439 656 828 718 obvagulatum,
855 669 1086 719 portum,
1117 661 1294 720 pedem
1318 661 1506 718 struit,
1546 673 1708 718 genas
1733 661 1937 719 radere,
1976 660 2225 718 ricinium,
2262 659 2502 718 rupitias,
2537 667 2760 713 sanates,

244 724 455 785 sarpta,
487 725 764 784 subvades,
798 726 1099 785 superstites
1131 726 1185 771 in
1216 726 1324 771 XII.
1360 726 1540 771 tabulis
1577 724 1696 786 quid
1724 724 2077 787 significarent,
2122 725 2257 785 quid,
2295 725 2426 785 quod
2449 726 2679 783 „lessus“
2706 725 2760 769 in

240 787 427 857 iisdem.
453 790 646 855 legibus
688 792 807 852 quid
861 802 992 838 esset
1028 808 1094 838 ne
1150 792 1280 838 Sext.
1320 793 1522 854 quidem
1554 791 1724 836 Aelius
1765 801 1813 835 et
1852 793 1905 837 L.
1938 792 2149 850 Acilius,
2198 806 2320 852 quos
2362 791 2457 836 iarn
2492 791 2665 837 Cicero
2696 790 2757 848 ³²)

242 867 466 919 „veteres
494 858 825 920 interpretes“
864 858 1106 920 appellat,
1143 860 1257 904 satis
1291 861 1383 906 sibi
1408 858 1718 916 intellexisse
1752 858 1842 903 visi
1879 870 2021 917 sunt,
2057 859 2192 904 idem
2226 858 2387 903 multo
2416 858 2591 922 magis·
2612 858 2664 903 in
2688 857 2758 902 le—

240 939 327 991 ges
361 924 515 984 cadit,
552 940 679 987 quae
713 927 909 973 Numae
939 925 1176 988 Pompilii
1210 927 1485 973 aliorumve
1519 940 1695 990 regum
1732 925 2029 972 ferebantur.
2104 927 2295 971 Verum
2339 926 2468 987 apud
2504 927 2758 970 Romanos

241 1007 395 1054 quem
435 993 711 1043 secundum
748 993 1137 1038 commemoravi
1155 994 1342 1054 lo'cum,
1377 995 1420 1038 is
1454 994 1691 1038 latissime
1719 994 1951 1053 patebat‚·
1986 1009 2134 1054 quarn
2158 993 2291 1037 enim
2329 992 2458 1053 apud
2476 1004 2557 1036 eos
2593 993 2650 1036 ab
2686 993 2759 1035 in-

238 1058 387 1123 genio
421 1059 797 1119 prudentissimi
824 1069 875 1103 et
906 1060 967 1103 ab
1000 1060 1111 1103 iure
1145 1061 1431 1121 peritissimi
1463 1060 1695 1104 homines
1730 1060 1828 1103 iam
1865 1061 2135 1120 antiquitus
2172 1059 2496 1103 condiderant
2530 1059 2648 1102 iuris
2684 1075 2755 1101 ar-

238 1135 343 1172 tem
381 1124 828 1185 disciplinamque,
882 1142 938 1170 ea
982 1125 1136 1188 igitur
1186 1140 1240 1171 ut
1273 1127 1658 1186 antiquitatum,
1712 1135 1763 1170 ut
1801 1143 1915 1171 usus
1953 1137 2002 1171 et
2036 1125 2436 1181 consuetudinis,
2490 1125 2557 1170 ita
2604 1124 2753 1169 etiam

242 1188 509 1239 verborum
543 1200 877 1238 non.tantum
914 1191 1192 1253 priscorum
1227 1202 1278 1240 et
1313 1192 1683 1249 obsoletorum,
1719 1191 1806 1238 sed
1842 1192 2105 1239 dubiorum
2137 1207 2341 1253 quoque
2378 1200 2425 1237 et
2459 1190 2751 1252 ancipitium

240 1257 573 1321 explicatione
620 1272 787 1305 carere
834 1259 977 1306 nullo
1023 1259 1175 1307 modo
1220 1253 1442 1323 poterat3
1495 1260 1611 1306 hinc
1660 1258 1847 1306 factum
1885 1269 1988 1319 est,
2053 1268 2110 1305 ut
2148 1258 2620 1305 iurisconsultorum
2669 1257 2753 1302 ali-

238 1334 362 1387 quot
392 1325 603 1389 iis·ipsis
638 1326 805 1385 libris,
858 1327 1036 1388 quibus
1064 1328 1145 1373 >ius
1177 1329 1256 1374 vel
1286 1328 1600 1390 pontificium
1637 1326 1716 1372 vel
1758 1328 1912 1373 civile·
1943 1329 2018 1373 vel
2052 1342 2205 1372 unam
2258 1326 2535 1371 alteramue
2581 1326 2748 1390 legem

237 1388 574 1455 explicarent,
610 1393 752 1455 quasi
787 1404 1163 1455 praetereuntes
1199 1396 1466 1442 verborum
1504 1408 1703 1456 quoque
1738 1395 1841 1440 vim
1876 1395 2182 1456 virtutesque
2227 1394 2566 1456 patefacerent
2600 1403 2649 1437 et
2696 1393 2752 1436 il-

235 1459 533 1521 lustrarent,
580 1462 811 1507 nonnulli
845 1462 1096 1508 nobilibus
1132 1463 1260 1509 Aelii
1295 1462 1426 1509 Galli
1458 1462 1679 1527 vestigiis
1714 1461 1996 1508 insistentes
2033 1462 2143 1507 data
2180 1476 2331 1524 opera
2367 1461 2428 1506 de
2467 1461 2750 1517 verborum,

235 1542 363 1589 quae
398 1527 460 1575 ad
494 1528 572 1574 ius
606 1528 941 1591 pertinerent,
989 1529 1346 1594 significatione
1390 1530 1661 1575 scriberent
1688 1527 1771 1593 ³³).
1858 1529 2002 1591 Apud
2051 1529 2266 1575 Graecos
2315 1538 2479 1573 autem
2528 1538 2579 1572 ut
2628 1528 2749 1572 iuris

232 1594 495 1655 prudentia
532 1596 736 1659 exigua,
777 1611 854 1641 ars
892 1606 941 1640 et
975 1596 1231 1658 disciplina
1266 1598 1370 1642 fere
1404 1597 1566 1654 nulla,
1609 1597 1675 1642 ita
1721 1599 1996 1642 forensium
2029 1597 2178 1640 etiam
2223 1605 2273 1640 et
2310 1596 2450 1655 quasi
2502 1596 2749 1658 legitimo-

232 1676 345 1708 rum
378 1661 646 1707 verborum
681 1671 796 1707 ante
830 1663 1176 1727 grammaticos
1221 1680 1330 1710 rara
1373 1664 1717 1726 interpretatio
1763 1680 1829 1708 ne
1865 1680 1930 1708 ue
1969 1672 2137 1708 tamen
2182 1662 2275 1707 alia
2326 1662 2418 1706 nisi
2457 1677 2582 1721 quae
2619 1662 2748 1705 intra

233 1727 544 1789 sophisticae
579 1729 703 1775 fines
749 1745 803 1776 se
850 1729 1151 1777 continebat.
1183 1760 1249 1771 —-
1295 1730 1371 1783 Ad
1395 1730 1496 1776 rhos
1534 1730 1656 1776 duos
1704 1680 1933 1793 proxano
1965 1730 2122 1792 spatio
2156 1729 2335 1775 tertius
2369 1729 2573 1775 accessit
2608 1729 2748 1775 locus

231 1794 304 1853 is,
341 1794 427 1856 qui
461 1795 513 1841 in
549 1805 810 1857 poetarum
842 1797 1164 1857 antiquorum
1201 1797 1530 1859 explicatione
1568 1799 1881 1856 versabatur,
1917 1798 2161 1858 imprimis
2199 1811 2388 1852 eorum,
2426 1811 2638 1856 quorum
2675 1796 2745 1838 le-

233 1862 397 1909 ctione
431 1862 575 1924 pueri
620 1862 682 1909 ad
715 1863 1082 1910 humanitatem
1120 1864 1488 1922 formabantur3
1532 1871 1700 1925 neque
1741 1864 1875 1911 enim
1922 1863 2088 1926 pueris
2131 1863 2302 1908 Atticis
2348 1863 2741 1923 Aristophaneae

230 1928 404 1974 aetatis
439 1930 720 1995 promptior
752 1930 1070 1992 paratiorque
1116 1940 1221 1977 erat
1265 1931 1539 1977 Homerica
1578 1931 1825 1991 elocutio,
1876 1946 2026 1992 quam
2071 1930 2267 1974 Horatii
2312 1939 2474 1973 aetate
2509 1930 2742 1972 Romanis

178 2053 180 2055 Ι
227 1995 569 2057 impuberibus
603 1996 826 2041 Enniana
862 1997 942 2041 vel
979 1998 1210 2058 Liviana;
1243 1998 1441 2049 scimus,
1462 2008 1630 2043 autem
1665 1998 1764 2043 illis
1799 1998 2008 2043 Homeri
2043 1997 2286 2055 carmina,
2323 1997 2395 2041 his
2431 1997 2738 2057 temporibus

229 2062 694 2124 Liviissdysseam,
727 2064 869 2108 Ennii
904 2065 1103 2109 annales
1138 2076 1291 2127 atque
1328 2065 1425 2111 alia
1465 2065 1517 2110 id
1550 2081 1710 2130 genus
1760 2065 1979 2110 carmina
2015 2064 2297 2109 litterarum
2341 2063 2393 2107 in
2439 2064 2565 2107 ludis
2601 2063 2738 2107 lecti-

178 2185 182 2189 *
227 2138 329 2176 tata
374 2139 426 2176 et
473 2130 534 2177 ab
580 2131 796 2196 plagosis
841 2131 1039 2177 Orbiliis
1085 2133 1328 2196 explicata
1373 2149 1506 2194 esse,
1551 2132 1628 2195 uti
1671 2132 1922 2180 Iuvenalis
1967 2141 2129 2179 aetate
2181 2140 2350 2192 „totus
2396 2130 2596 2177 decolor
2632 2140 2734 2176 erat

229 2197 429 2242 Flaccus
465 2208 516 2243 et
551 2199 787 2244 haerebat
819 2199 961 2264 nigro
1008 2200 1165 2266 fuligo
1200 2202 1457 2245 Mmoni‘fl

358 2265 507 2326 Apud
543 2266 760 2314 Graecos
792 2266 972 2330 igitur,
1000 2272 1057 2311 ut
1089 2285 1153 2312 ne
1188 2268 1401 2343 amplius
1440 2278 1577 2314 extra
1613 2268 1922 2316 Graecorum
1955 2269 2198 2314 terminos
2244 2267 2526 2330 egrediatur
2558 2266 2729 2323 oratio,

231 2327 316 2384 diu
350 2341 466 2379 ante
503 2349 653 2394 quam
684 2332 833 2379 altior
876 2333 961 2379 illa
996 2334 1318 2397 grammatica
1360 2333 1413 2379 in
1450 2333 1738 2397 disciplinae
1772 2337 1985 2382 formam
2021 2344 2248 2382 revocata
2277 2344 2417 2391 esset,
2452 2332 2731 2407 priscorum

228 2398 493 2445 verborum
518 2410 568 2445 et
603 2399 847 2446 rariorum
862 2415 1039 2446 vocum
1077 2401 1368 2462 explicatio,
1402 2411 1535 2446 certe
1570 2402 1675 2448 eius
1698 2403 1858 2465 prima
1883 2403 2020 2463 quasi
2043 2401 2284 2462 quaedam
2312 2411 2359 2444 et
2384 2400 2615 2444 crassiora
2650 2400 2731 2445 fila

226 2464 286 2510 ab
320 2466 674 2531 grammatistis
707 2466 811 2513 sive
845 2467 1200 2514 litteratoribus
1234 2467 1605 2515 deducebantur
1640 2480 1690 2515 et
1726 2470 1786 2516 ab
1816 2469 2090 2546 sophistiS,
2138 2467 2316 2513 docent
2360 2466 2407 2512 id
2448 2467 2729 2532 fragmenta

216 2532 470 2599 ‘quaedam
510 2533 886 2581 Daetalensium
928 2535 1292 2599 Aristophanis,
1337 2536 1461 2590 haec
1508 2536 1643 2583 enim
1677 2537 1843 2582 fabula
1887 2552 2037 2596 „cum
2072 2536 2123 2581 in
2161 2551 2221 2580 eo
2256 2539 2521 2594 versetur,
2521 2507 2615 2580 out
2656 2535 2729 2582 in

226 2597 489 2653 commoda
522 2617 699 2661 novae,
729 2601 936 2647 virtutes
970 2603 1261 2665 antiquioris
1296 2603 1581 2666 disciplinae
1616 2604 1935 2662 demonstret,
1965 2603 2216 2648 inducitur
2249 2618 2402 2646 senex
2434 2611 2578 2663 pater
2617 2618 2733 2649 cum

224 2665 337 2712 filiis
367 2667 586 2728 duobus,
621 2669 778 2713 altero
812 2669 1079 2734 pristinae,
1113 2672 1276 2717 altero
1309 2686 1469 2717 novae
1506 2682 1866 2735 corruptaeque
1900 2671 2184 2732 disciplinae
2220 2669 2443 2725 addicto,
2480 2670 2617 2715 hunc
2653 2687 2729 2715 re-

225 2729 441 2808 dorguit
453 2747 595 2798 pater
615 2736 903 2781 Homericas
936 2736 1168 2814 ignprare
1201 2738 1384 2796 lexeis,
1414 2738 1559 2784 illum
1591 2738 1673 2783 hic
1707 2738 1897 2784 nescire
1934 2738 2111 2782 evincit
2145 2736 2332 2799 glossas
2369 2753 2500 2796 quae
2530 2723 2726 2783 Solonis

223 2794 344 2856 sint
357 2799 575 2867 legum“.
610 2801 975 2864 ’Temporibus
1021 2803 1175 2869 igitur
1215 2804 1314 2851 illis
1348 2801 1813 2868 interpretationem
1847 2804 2223 2850 Homeri-earum
2261 2818 2443 2849 vocum
2476 2804 2727 2865 antiquior

222 2870 690 2929 grammatistarum‚
711 2869 1096 2932 explicationem
1118 2872 1394 2919 forensium
1405 2872 1759 2920 vocabulorum
1780 2887 1952 2919 recens
1965 2872 2298 2933 sophistarum
2319 2870 2467 2917 ludus
2488 2871 2724 2918 tradebat.

221 2931 296 2978 Ex
327 2933 427 2982 illis
477 2937 934 3003 ludimagistrorum
977 2939 1413 3001 explanationibus
1453 2940 1698 3002 quaedam
1742 2940 1802 2987 ad
1837 2938 2193 2985 Alexandrinos
2230 2938 2441 2984 Homeri
2481 2938 2724 3002 interpre-

219 3008 295 3045 tes
327 3006 593 3064 pervenire
623 3005 844 3069 potuisse
880 3015 1071 3051 certum
1108 3017 1197 3067 est,
1233 3007 1387 3052 fuisse
1423 3023 1552 3070 quae
1583 3008 1903 3071 pervenerint
1937 3006 2170 3051 credibile
2200 3016 2292 3066 est,
2324 3023 2425 3052 non
2462 3007 2580 3052 alios
2617 3023 2723 3052 esse

221 3065 309 3158 qui
351 3067 411 3115 ab
452 3071 764 3134 Aristarcho,
805 3071 1107 3138 plerumque
1142 3073 1393 3122 refutandi
1423 3090 1620 3136 caussa,
1669 3082 2127 3122 commemorentur
2164 3074 2523 3136 communique
2558 3065 2726 3121 indice

496 3235 499 3239 s
542 3240 545 3242 ,
667 3217 691 3241 C

451 3292 454 3294 ·
501 3269 566 3323 ³²)
595 3270 685 3314 Ce‘c.
714 3272 841 3328 Legg-
866 3272 922 3325 11,
950 3272 1023 3324 23,
1046 3272 1126 3315 ·59.
1310 3274 1395 3328 '⁸,⁸)
1421 3274 1594 3328 Insignis
1639 3282 1698 3316 est
1732 3288 1821 3316 eam
1864 3274 1903 3314 in
1943 3287 2027 3314 rem
2073 3273 2330 3328 Digestorum
2377 3276 2512 3318 titulus
2552 3278 2609 3327 is,
2658 3278 2720 3317 cni
