3045 3569
1284 165 1387 172 --
1454 158 1551 186 XIII
1622 168 1732 175 ——-

254 248 507 313 euphrone
549 259 665 289 eum
709 244 861 306 fuisse
910 244 1238 309 posteriorem
1257 244 1362 302 ¹⁰¹),
1404 244 1726 290 Heracleonis
1763 254 1931 290 autem
1967 245 2245 308 glossarum
2284 243 2459 302 libros,
2508 244 2598 289 etsi
2636 260 2761 305 quae

254 318 359 364 eius
390 323 843 359 commemorantur
867 313 926 358 ab
942 311 1199 357 Athenaeo
1235 312 1449 374 glossae,
1493 327 1664 356 omnes
1691 310 1750 356 ad
1772 311 1905 356 cibos
1942 321 1989 355 et
2021 312 2199 372 pocula
2231 321 2457 373 spectant
2478 310 2572 369 ¹⁰²),
2611 311 2761 356 credi-

250 370 351 431 bile
395 391 564 426 tamen
606 395 710 425 non
754 389 827 425 est
869 379 998 425 intra
1035 377 1299 423 culinariae
1345 377 1468 424 sines
1515 376 1805 423 substitisse.
1842 404 1907 411 —
1978 377 2282 424 Callistratus
2330 393 2446 422 vero
2480 378 2762 440 Aristopha-

249 462 374 497 neus
394 447 500 506 ll⁰³⁹),
548 446 882 492 nobilissimus
914 446 1001 493 ille
1033 445 1238 490 fortasse
1285 444 1513 490 omnium
1554 443 1893 506 Aristophanis
1940 444 2326 507 discipulorum,
2373 444 2525 490 modo
2563 446 2622 490 ab
2661 461 2762 489 uno

249 513 529 563 Aristarcho
565 513 795 574 recedaS,
834 513 972 560 cuius
1006 513 1111 559 fere
1147 511 1406 573 aequalem
1442 512 1596 558 fuisse
1633 510 1748 556 hinc
1784 520 1947 574 patet,
1993 512 2128 572 quod
2161 512 2295 559 hunc
2331 512 2496 575 ipsum
2532 512 2657 558 adeo
2690 512 2762 557 in-

248 590 463 630 sectatus
499 595 605 627 esse
644 581 849 643 dicitur,
897 595 1048 643 quem
1086 579 1236 625 etiam
1270 588 1474 643 propter
1507 578 1863 624 inconcinnum
1902 579 2136 624 vestitum
2171 580 2223 624 in
2256 580 2470 641 quodam
2508 594 2763 626 commen-

247 650 489 696 tariorum
526 641 748 712 carperet
765 650 873 709 ¹⁰⁴),
910 664 1025 694 cum
1059 649 1364 707 Homerum,
1409 647 1705 702 Pindarum,
1753 647 2079 709 Sophoclem,
2128 648 2440 707 Euripidem,
2486 649 2761 705 Cratinum,

248 718 630 779 Aristophanem
667 717 1033 763 commentariis
1069 715 1337 760 illustraret
1354 716 1461 775 ¹⁰⁵),
1502 726 1610 760 tum
1661 714 1842 777 glossas
1891 730 2093 775 quoque
2133 715 2184 759 in
2231 719 2499 771 Συμμίκτοις
2520 717 2599 774 ¹⁰⁶)
2655 717 2760 760 sive

246 785 583 829 Miscellaneis
634 786 896 846 explicavit
914 785 1018 841 ¹⁰⁷),
1066 797 1276 843 quorum
1336 795 1529 844 septem
1578 782 1815 825 duntaxat
1861 783 2009 826 libros
2063 783 2214 826 fuisse
2253 793 2442 826 certum
2480 796 2564 827 est.
2583 785 2660 842 ¹⁰⁸)
2705 814 2748 817 —

248 852 512 898 Diodorus·
533 851 747 912 denique
771 851 1160 911 Aristophaneus
1182 849 1263 910 ¹⁰⁹)
1300 861 1349 895 et
1379 851 1569 895 Italicas
1590 849 1668 907 ¹¹⁰)
1703 848 1887 911 glossas
1925 849 2192 908 enarravit,
2232 860 2279 895 et
2306 850 2446 909 alias,
2484 853 2638 897 veluti
2668 853 2747 896 La>

248 918 441 965 conicas
480 928 529 965 et
562 918 771 976 Atticas,
810 917 1077 978 explicasse
1114 932 1388 977 omnesque
1422 917 1473 962 in
1504 915 1704 962 maioris
1733 915 1844 962 libri
1883 917 2070 963 molem
2104 916 2419 963 coniunxisse
2459 918 2754 974 videtur.¹¹¹')

246 1048 390 1103 Etym.
407 1048 466 1087 M.
489 1048 580 1098 702,
599 1049 647 1095 93
675 1048 798 1087 fuisse
823 1050 921 1087 satis
947 1049 1044 1087 illud
1065 1048 1312 1087 nobilitatum
1344 1054 1381 1086 et
1406 1047 1599 1086 familiam
1621 1048 1735 1099 quasi
1763 1048 1927 1085 duxisse
1957 1060 2054 1098 quae
2085 1048 2249 1099 saepius
2279 1050 2381 1085 reolit
2420 1050 2456 1085 iu
2480 1049 2645 1086 scholiis
2677 1058 2758 1091 miv

245 1103 338 1155 περὶ
358 1098 622 1153 Ἠρακλὲωνα
643 1100 838 1142 memoria
861 1103 1017 1151 probat.
1166 1102 1257 1153 ¹⁰¹)
1287 1098 1415 1143 Phot.
1447 1115 1487 1141 v.
1510 1100 1713 1151 τευτάζειν
1735 1122 1784 1131 -
1814 1096 2053 1154 ‘Hoanhssmv
2087 1099 2459 1153 καταμεμψάμενος
2488 1099 2755 1155 Λυκόφρονα.

244 1153 535 1195 Heracleonem
571 1167 649 1194 nou
691 1154 819 1195 solum
854 1154 1023 1207 Didymo
1054 1156 1123 1195 sed
1154 1154 1273 1194 etiam
1313 1152 1514 1194 Nicandro
1543 1153 1791 1208 Thyatireno
1820 1154 1993 1206 priorem
2026 1153 2150 1194 fuisse
2175 1154 2391 1208 colligeres
2421 1168 2470 1194 ex
2493 1156 2653 1206 ordine,
2685 1172 2757 1209 qun

245 1216 326 1250 tum
344 1208 658 1262 Harpocratio
690 1209 745 1260 (v.
768 1213 1007 1263 ματρυλεῖον
1025 1231 1078 1239 -
1095 1208 1336 1263 Ἠρακλέων
1355 1209 1422 1251 καὶ
1444 1209 1649 1262 Δίδυμος)
1677 1213 1759 1248 tum
1775 1205 2034 1248 Athenaeus
2059 1207 2142 1259 (lll,
2165 1208 2229 1258 76,
2247 1221 2282 1248 a.
2310 1207 2549 1263 ‘Hpanls'cov
2578 1210 2599 1253 ὁ
2634 1211 2758 1261 Ἐφέ-

244 1278 333 1312 σιος
348 1263 417 1305 καὶ
435 1263 598 1306 Νίκανδ
626 1279 671 1313 ος
692 1262 714 1306 ὅ
738 1261 1032 1318 Θυατειρηνός)
1062 1269 1231 1313 utuntur,
1261 1262 1297 1302 si
1315 1276 1367 1302 ex
1388 1275 1434 1302 eo
1456 1262 1592 1303 ordine
1614 1261 1772 1302 omnino
1795 1260 1857 1301 fas
1881 1267 1988 1301 esset
2009 1261 2098 1312 quid
2128 1274 2218 1301 uam
2242 1262 2448 1314 colligere.
2597 1265 2757 1318 ¹⁰2)Cl'.

243 1315 408 1356 Ranke
439 1315 468 1355 l.
490 1329 523 1357 c.
542 1278 679 1368 pflll
702 1330 784 1368 sq.,
818 1318 881 1369 qui
910 1319 1013 1370 quod
1037 1315 1190 1356 Atticas
1219 1314 1467 1368 potissimum
1496 1314 1658 1368 glossas
1695 1316 1746 1355 ab
1779 1310 2028 1354 Heracleonc
2066 1328 2110 1354 co
2129 1313 2254 1354 lectas
2284 1315 2390 1365 vult,
2438 1315 2613 1356 sortasse
2652 1328 2757 1358 recte

243 1369 363 1419 dicit,
388 1367 561 1409 fortasse
585 1382 664 1408 non
683 1375 814 1418 recte3
843 1383 932 1410 cum
951 1383 1046 1410 vero
1081 1365 1368 1424 ὄψαρτυτικῶν
1385 1367 1613 1421 glossarum
1639 1369 1680 1409 in
1700 1381 1907 1407 numerum
1929 1381 2054 1420 neque
2083 1373 2317 1420 ματρυλεῖον
2350 1368 2590 1422 (Har-porr.)
2616 1372 2757 1411 referri

274 1423 373 1464 ossit
411 1436 537 1474 neque
558 1421 761 1474 τευτάζειν
783 1422 941 1476 (Phot.)
970 1437 1097 1476 neque
1118 1426 1291 1479 γεφυρίς
1314 1428 1380 1463 aut
1400 1420 1611 1474 τεθήσεται
1632 1421 1862 1476 (Hesych.),
1882 1420 1978 1461 illud
2000 1428 2106 1462 certe
2129 1435 2205 1462 non
2217 1423 2375 1463 dubium
2395 1430 2469 1473 est,
2498 1422 2759 1466 Heracle-onis

243 1438 369 1518 libros
397 1477 448 1517 ad
473 1475 576 1518 alias
598 1477 718 1517 etiam
747 1476 908 1530 glossas
932 1490 1050 1530 quam
1074 1480 1125 1518 ad
1149 1476 1365 1518 culinarias
1399 1476 1651 1529 pertinuisse.
1774 1476 1865 1528 ¹⁰³)
1893 1475 1953 1515 De
1986 1474 2217 1516 Callistrato
2242 1477 2537 1529 Aristophaneo
2565 1477 2757 1531 singulari

243 1530 381 1570 libello
403 1537 688 1571 commentatus
708 1538 771 1571 est
794 1530 916 1571 Rud.
939 1529 1141 1571 Schmidt
1162 1530 1256 1571 Hal.
1276 1529 1391 1570 1838.
1413 1530 1465 1581 8.,
1498 1529 1687 1583 pleraque
1720 1529 1821 1569 satis
1856 1528 1924 1568 ille
1954 1528 2233 1582 probabiliter,
2276 1544 2394 1570 unum
2424 1544 2518 1570 vero
2545 1531 2643 1571 mihi
2682 1547 2756 1573 nou

244 1584 448 1636 probavit,
479 1585 580 1635 quod
607 1586 657 1624 ab
675 1584 965 1635 Aristophaneo
998 1584 1316 1637 distinguendum
1350 1597 1439 1623 esse
1471 1591 1592 1635 negat
1625 1584 1841 1623 Domitium
1864 1582 2149 1633 Callistratum,
2179 1583 2369 1622 librorum
2403 1587 2496 1638 περὶ
2516 1583 2761 1637 Ἠρακλείας

245 1636 505 1690 scriptorem,
540 1651 656 1689 quem
684 1636 912 1690 Stephanus
930 1637 1147 1690 Byzantius
1171 1636 1296 1678 semel
1326 1650 1401 1677 uno
1427 1635 1649 1678 Callistrati
1679 1635 1861 1687 nomine,
1900 1636 2103 1688 quinquies
2133 1638 2283 1729 quobus
2319 1636 2400 1678 illis
2430 1638 2654 1680 nominibus
2687 1654 2758 1692 ap-

243 1690 402 1744 pellans
436 1697 580 1731 testem
618 1690 724 1731 citat.
886 1694 976 1745 ¹⁰¹)
1017 1688 1183 1731 Athen.
1209 1691 1247 1743 1,
1275 1690 1349 1740 21,
1381 1695 1440 1730 c.
1594 1691 1684 1744 ¹⁰⁵)
1721 1689 1773 1730 F.
1798 1689 1859 1730 A.
1892 1688 2026 1745 'Volsss
2069 1689 2145 1729 Pro
2165 1704 2292 1743 egom.
2328 1690 2369 1730 in
2402 1691 2565 1732 Homer.
2610 1707 2646 1745 p.
2667 1695 2756 1735 217.

242 1743 491 1785 Schneider
508 1746 556 1784 de
580 1744 768 1786 scholior.
786 1745 826 1783 in
848 1745 1051 1797 Aristoph.
1077 1745 1213 1785 fontib.
1245 1758 1282 1797 p.
1304 1744 1368 1784 87.
1401 1743 1677 1784 Callistratum
1702 1757 1815 1795 eum,
1854 1745 1904 1783 ad
1946 1758 2059 1796 quem
2091 1751 2293 1783 auctorem
2321 1746 2369 1784 de
2391 1745 2633 1785 Athenarum
2662 1751 2756 1787 urbe

240 1799 354 1853 (περὶ
368 1796 594 1852 Ἀθηνῶν)
623 1798 991 1839 commentationem
1009 1803 1187 1838 veterum
1207 1797 1434 1839 criticorum
1458 1796 1527 1836 alii
1545 1796 1787 1848 retulerunt,
1818 1810 1907 1837 cum
1937 1798 2101 1837 eandem
2127 1797 2194 1837 alii
2214 1797 2413 1838 Meneclis
2442 1811 2533 1838 esse
2564 1807 2755 1851 putarent,

243 1864 334 1892 eum
368 1850 488 1905 igitur
517 1864 596 1891 non
632 1851 832 1891 diversum
863 1863 955 1891 esse
988 1852 1038 1891 ab
1066 1850 1358 1904 Aristophaneo
1391 1849 1564 1890 iudicant
1588 1849 1765 1890 Glinton
1783 1850 1832 1891 F.
1843 1849 1895 1890 H.
1906 1850 1985 1897 111,
2013 1864 2051 1902 p.
2065 1849 2155 1890 530.
2176 1857 2214 1890 et
2235 1849 2439 1890 Schmidt
2461 1853 2511 1891 de
2536 1852 2754 1894 Callistrat.

270 1934 280 1945 .
302 1904 357 1945 29
375 1917 436 1957 sq.
491 1904 559 1944 Me
583 1911 624 1944 ut
648 1904 739 1943 libri
757 1905 990 1943 memoriam
1016 1904 1210 1944 hocloco
1231 1904 1451 1943 omitterem
1472 1903 1655 1954 omnino,
1684 1904 1725 1943 id
1754 1903 1885 1957 ipsum
1914 1904 2053 1953 movit,
2083 1905 2183 1955 quod
2222 1903 2452 1957 scrupulum
2488 1905 2606 1945 etiam
2623 1906 2754 1946 Prel-

240 1919 337 2000 fero
359 1956 487 1998 attulit
516 1959 584 2011 (de
609 1956 812 1998 Polemon.
832 1971 873 2010 p.
887 1958 983 2009 173)
997 1988 1012 2007 ‚
1041 1956 1134 2009 quia
1157 1958 1390 2009 ubicumque
1422 1962 1531 1996 extat
1554 1959 1853 2013 Καλλίστρατος
1881 1955 1912 2011 ἦ
1931 1963 2143 2011 Μενεκλῆς
2173 1959 2265 2012 περὶ
2290 1957 2520 2011 Ἀθηνῶν,
2559 1960 2755 2012 scriptura

241 2010 324 2052 alia
363 2009 663 2067 Καλλικράτης,
701 2010 766 2051 vel
793 2009 1094 2065 Καλλιστράτης
1126 2011 1335 2064 reperitur.
1507 2012 1598 2063 ¹⁰⁶)
1628 2012 1845 2065 Σύμμικτα
1886 2012 2126 2064 scripserunt
2155 2011 2275 2051 etiam
2306 2011 2583 2052 Simmaristus
2612 2020 2649 2052 et
2680 2014 2755 2054 Se-

239 2064 401 2112 leucus3
440 2064 601 2125 glossae
629 2063 736 2104 illius
774 2070 833 2104 ter
862 2066 912 2103 ab
938 2065 1167 2114 Athenaeo,
1207 2063 1368 2125 glossae
1398 2062 1558 2103 Seleuci
1586 2064 1748 2116 saepius
1780 2070 2155 2110 commemorantur3
2195 2064 2452 2104 nihilominus
2482 2066 2676 2105 eoniicere
2704 2067 2754 2105 li-

175 2165 180 2171 ·
241 2122 304 2157 cet
332 2118 382 2156 ab
411 2117 475 2156 his
504 2130 657 2170 quoque
695 2117 736 2156 in
764 2116 1044 2158 Miscellaneis
1079 2117 1329 2168 potissimum
1358 2129 1483 2167 neque
1514 2128 1610 2156 vero
1646 2117 1688 2156 in
1716 2117 1908 2170 singulari
1949 2130 2066 2169 opere
2105 2116 2269 2168 glossas
2300 2125 2508 2157 enarratas
2538 2131 2655 2165 esse;
2715 2121 2753 2158 iu

241 2169 400 2211 Seleuci
429 2170 670 2223 copulatione
698 2169 826 2210 extitit
857 2176 961 2210 certe
1018 2169 1338 2223 Stymphalidum
1368 2168 1605 2221 explicatio,
1646 2168 1794 2211 Schol.
1825 2169 1979 2223 Apoll.
2007 2168 2153 2210 Rhod.
2166 2169 2225 2219 11,
2256 2169 2369 2210 1055.
2519 2172 2608 2221 ¹⁰⁷)
2641 2171 2753 2211 Ero-

238 2226 353 2264 te‘an.
382 2236 524 2277 expos.
553 2238 641 2265 voc.
668 2222 862 2276 Hippocr.
907 2237 946 2276 p.
975 2221 1065 2264 394.
1133 2223 1243 2274 Quas
1273 2222 1496 2263 Callistrati
1531 2222 1821 2276 explicationes
1858 2224 1966 2263 vocis
2004 2222 2130 2272 ἁπλᾶς
2174 2222 2486 2275 Harpocratio
2531 2231 2568 2263 et
2614 2224 2754 2266 Bou:

239 2275 415 2319 Anecd.
450 2276 550 2329 425,
579 2278 651 2328 12,
700 2290 842 2317 vocum
877 2276 1125 2332 Ἰδαρναῖοι,
1166 2281 1349 2328 Kalisia,
1386 2272 1584 2329 Σελᾶχιον
1655 2275 1865 2327 Photius,
1904 2291 2039 2316 vocum
2077 2275 2285 2327 Ἐλείο-υς,
2330 2279 2523 2330 Θρώσκω,
2563 2277 2755 2330 Ἰλλυρὶς,

241 2328 409 2387 Κόδρος
445 2328 698 2387 Hesychius
730 2336 1064 2383 commemorant,
1099 2343 1171 2372 eas
1199 2329 1321 2372 Rud.
1348 2327 1551 2371 Schmidt
1580 2343 1620 2384 p.
1647 2330 1713 2371 23.
1743 2343 1802 2384 sq.
1842 2331 2055 2370 maximam
2085 2336 2239 2382 partem
2279 2343 2329 2369 ex
2358 2331 2654 2372 commentariis
2685 2334 2755 2371 de-

240 2390 448 2438 promptas
476 2398 569 2425 esse
599 2385 757 2435 statuit,
787 2383 1030 2425 Richterus
1058 2391 1189 2426 autem
1239 2383 1326 2426 .74.
1348 2397 1398 2424 ex
1418 2385 1586 2436 quodam
1615 2384 1809 2437 singulari
1836 2386 2021 2439 γλωσσῶν
2050 2398 2170 2436 opere
2194 2384 2390 2424 delibatas
2403 2384 2504 2435 vult,
2535 2399 2611 2437 quo
2632 2388 2755 2426 comi-

240 2451 312 2478 cae
340 2438 589 2491 potissimnm
618 2445 657 2477 et
684 2438 861 2491 tragicae
892 2452 1012 2479 voces
1041 2446 1177 2480 essent
1205 2399 1452 2485 illustratam
1490 2451 1566 2490 ego
1598 2451 1765 2479 caussae
1795 2439 1891 2479 nihil
1922 2439 2056 2488 video,
2101 2453 2169 2478 cur
2197 2438 2237 2477 in
2266 2441 2519 2490 Συμμίκτοις
2536 2462 2539 2463 ⁷
2559 2449 2756 2491 negentur

239 2490 372 2539 locum
406 2491 609 2533 habuisse.
767 2493 861 2542 ¹⁰⁸)
890 2490 1095 2544 Septimus
1133 2492 1234 2534 liber
1266 2490 1597 2532 commemoratur
1637 2493 1687 2532 ab
1714 2490 1946 2532 Athenaeo
1975 2491 2051 2543 111,
2092 2492 2195 2539 125,
2228 2492 2262 2530 b.
2423 2493 2513 2545 ¹⁰⁹)
2547 2493 2758 2546 Διόδωρος

240 2545 264 2587 ὁ
303 2542 646 2600 Ἀριστοφάνειος
687 2551 796 2585 extat
835 2557 902 2596 ap.
931 2544 1095 2586 Athen.
1138 2559 1177 2587 v.
1206 2544 1305 2596 180,
1334 2557 1381 2594 ος
1415 2544 1523 2584 idem
1564 2545 1605 2584 in
1645 2543 1790 2588 Schol.
1818 2545 1949 2584 Pe‘nd.
1978 2543 2085 2584 Isth.
2114 2545 2171 2594 ll,
2198 2544 2261 2583 54.
2295 2557 2318 2583 a
2347 2545 2551 2584 Boeokhio
2583 2548 2632 2585 de
2662 2561 2756 2586 eou—

239 2592 618 2651 iecturarepositum
648 2605 707 2637 est
719 2612 791 2649 pro
824 2597 1034 2649 Διόδοτος.
1088 2599 1308 2639 Diodorum
1318 2597 1549 2650 glossarum
1580 2597 1813 2650 scriptorem
1838 2611 1926 2638 esse
1954 2597 2288 2649 Aristophaneum
2308 2612 2424 2637 nemo
2449 2599 2606 2649 quidem
2628 2601 2756 2640 diser-

241 2658 278 2692 te
303 2651 485 2702 tradidit3
516 2653 588 2692 sed
609 2650 730 2692 alium
748 2649 990 2704 Diodorum,
1020 2653 1071 2693 ad
1084 2665 1199 2705 quem
1219 2650 1384 2706 glossae
1399 2650 1646 2705 probabilius
1657 2650 1799 2692 referri
1823 2649 1991 2705 possint,
2022 2650 2275 2703 ignoramus3
2304 2664 2431 2704 neque
2463 2652 2567 2692 euim
2599 2652 2757 2706 glosso-

238 2705 438 2759 graphan
466 2705 658 2747 credibile
689 2710 751 2745 est
778 2711 844 2744 aut
872 2705 1121 2747 Tarsensem
1151 2706 1297 2757 fuisse,
1332 2710 1424 2756 aut,
1458 2705 1498 2743 id
1528 2706 1631 2757 quod
1658 2704 1873 2744 Rankeus
1904 2718 1943 2757 p.
1973 2704 2048 2744 113
2080 2705 2236 2755 statuit,
2285 2705 2466 2744 Siculum
2494 2707 2756 2746 bibliothecae

238 2766 464 2806 auctorem3
508 2759 824 2810 distinguendum
853 2757 1192 2821 glossographum
1219 2772 1312 2799 esse
1345 2760 1395 2798 ab
1426 2758 1602 2797 Diodoro
1633 2757 1790 2797 Valerio
1819 2757 2089 2796 Alexandrino
2121 2757 2318 2796 Pollionis
2361 2758 2441 2797 filio
2486 2768 2594 2799 recte
2627 2762 2756 2799 docuit

238 2808 343 2851 otto
371 2808 619 2853 Schneider
647 2812 695 2852 de
723 2816 844 2851 veter.
873 2809 913 2850 in
939 2811 1140 2865 Aristoph.
1182 2809 1308 2854 schol.
1348 2825 1386 2863 p.
1413 2810 1480 2852 94.
1618 2805 1727 2862 v¹¹⁰)
1753 2808 1914 2851 Athen.
1942 2809 2016 2860 xl,
2044 2809 2144 2860 479,
2174 2823 2209 2851 a.
2253 2812 2469 2865 Διόδωρος
2502 2813 2544 2855 δὲ
2573 2815 2615 2856 ἐν
2653 2812 2757 2855 Ἰτα-

237 2869 366 2916 λικαῖς
392 2864 591 2922 γλώσσαις
616 2888 668 2897 -
699 2862 754 2916 ὥς
783 2878 884 2918 φησι
921 2863 1151 2919 Πάμφιλος.
1219 2865 1335 2905 Patet
1364 2864 1457 2904 hinc
1484 2876 1574 2904 eum
1605 2862 1831 2917 glossarum
1868 2862 2009 2902 librum
2040 2863 2289 2904 Athenaeum
2318 2878 2395 2905 non
2432 2867 2560 2919 ipsum
2592 2867 2755 2912 vidisse,

239 2919 312 2958 sed
340 2932 393 2959 ex
419 2918 630 2972 Pamphilo
660 2921 815 2960 demum
843 2931 1053 2970 cognosse.
1108 2921 1170 2959 Ad
1196 2918 1358 2960 Italicas
1386 2918 1550 2970 glossas
1579 2923 1732 2969 spectat
1762 2917 1879 2956 etiam
1910 2916 2117 2957 Erotion.
2146 2918 2175 2957 l.
2208 2933 2240 2957 ‹·.
2276 2932 2314 2969 p.
2342 2920 2433 2959 216.
2538 2921 2755 2971 ¹¹¹)Quod

239 2971 345 3023 apud
363 2970 527 3012 Athen.
549 2971 616 3022 XI,
633 2971 725 3023 501,
747 2972 794 3022 d,
821 2971 887 3011 ubi
912 2972 1041 3024 agitur
1061 2973 1109 3011 de
1131 2971 1286 3012 Cratini
1305 2971 1471 3022 φιάλαις
1494 2969 1862 3023 βαλανειομφάλοις
1888 2977 1923 3008 et
1953 2970 2057 3020 XIV,
2081 2971 2174 3021 642,
2193 2985 2236 3021 e,
2282 2973 2347 3012 ubi
2371 2972 2613 3013 Laconicum
2648 2976 2756 3016 §aaa

237 3029 347 3067 κλεια
389 3024 633 3078 explicatur,
664 3025 887 3077 ‚coniuncta
926 3031 1034 3064 extat
1066 3024 1262 3064 memoria
1300 3024 1464 3067 Ἀπίων
1496 3025 1564 3066 καὶ
1593 3022 1829 3075 Διόδωρος,
1887 3022 2028 3074 quibus
2070 3022 2172 3064 loeis
2212 3039 2336 3076 neque
2370 3039 2457 3064 cum
2489 3025 2754 3066 Valckenario

233 3072 492 3135 Ἡλιοδώρου
520 3077 760 3132 (luculenter
792 3077 833 3117 id
852 3076 1037 3117 refutavit
1058 3076 1243 3118 Ritschl
1260 3078 1309 3118 de
1330 3076 1547 3117 Alexandr.
1569 3074 1662 3116 bibl.
1683 3090 1721 3127 p.
1742 3075 1839 3127 144)
1869 3090 1996 3128 neque
2022 3090 2111 3117 cum
2135 3078 2339 3130 Bergke‘o
2370 3078 2666 3131 (Commentatt.
2706 3081 2754 3119 de

236 3129 353 3184 reliq.
369 3132 549 3173 comoed.
564 3131 689 3185 p.65)
708 3128 952 3188 Ἥροόώρου
974 3144 1115 3172 nomen
1131 3132 1403 3184 reponendum
1434 3136 1517 3181 est,
1544 3128 1641 3169 illud
1672 3128 1792 3181 igitur
1816 3129 2045 3182 neutiquam
2066 3133 2207 3184 probat
2237 3133 2430 3185 Apionem
2451 3131 2627 3173 Diodoro
2676 3134 2756 3173 rio-

237 3196 324 3224 rem
353 3184 501 3237 fuisse,
529 3186 674 3226 nedum
697 3185 809 3228 illum
835 3184 978 3226 librum
990 3185 1053 3227 vel
1076 3185 1282 3226 coniuncta
1294 3184 1494 3235 utriusque
1516 3194 1640 3235 opera
1660 3184 1924 3236 compositum
1952 3185 2017 3225 vel
2045 3185 2269 3226 inchoatum
2294 3187 2343 3226 ab
2365 3185 2491 3228 altero
2507 3217 2518 3235 ,
2548 3188 2599 3227 ab
2625 3148 2751 3227 allero

209 3257 214 3264 ·
237 3237 456 3289 perfectum
477 3251 581 3281 esse.
