3045 3569
1325 214 1714 244 —x—

264 301 444 359 λεγόμ
459 319 558 349 ενοι
589 303 611 348 ἐ
626 307 724 362 §ny
738 302 914 349 οὖντα
926 303 981 361 ι),
1002 302 1272 364 Dionysius
1284 317 1383 348 una
1399 317 1514 348 cum
1535 301 1859 357 historiarum
1873 301 2187 349 enarratione
2213 305 2415 352 tertiam
2435 311 2633 369 partem
2646 304 2791 355 insuit
2814 291 2851 318 'i

264 385 398 429 esse,
434 371 615 432 reliqui
646 386 821 417 omnes
846 368 1138 430 διορθωτικιξῖ
1166 369 1539 431 adscripserint,
1574 384 1691 415 nam
1711 368 1849 431 quod
1862 368 2052 429 Cicer0,
2088 379 2145 417 ut
2170 370 2363 433 aliquot
2389 372 2629 435 exemplis
2653 388 2795 426 cm-

265 438 445 499 probet
480 453 607 498 quae
643 438 743 484 sint
775 438 1009 484 conclusa
1034 452 1169 484 nunc
1193 436 1405 495 artibus,
1440 435 1659 498 dispersa
1690 445 1740 482 et
1768 435 2000 498 dissipata
2023 435 2275 497 quondam
2304 439 2484 501 fuisse,
2521 438 2669 488 otiam
2688 437 2797 487 hoc

268 505 452 550 utitur:
474 506 539 562 ⁷⁷)
579 514 633 549 ut
662 506 714 549 in
750 506 1108 564 grammaticis
1135 513 1405 564 poetarum
1445 502 1812 562 pertractatio,
1852 503 2188 550 historiarum
2215 506 2437 563 cognitio
2457 540 2472 567 ,
2522 506 2795 553 verborum

269 570 650 630 interpretatis),
682 572 1062 630 pronuntiandi
1086 571 1294 631 quidam
1331 569 1527 614 sonus“
1570 583 1675 613 non
1706 569 1957 629 putandus
1995 579 2069 614 est
2103 570 2259 615 iustas
2295 574 2652 635 grammaticae
2675 581 2796 636 par-

268 645 344 680 tes
371 637 558 682 referre
604 637 833 684 voluisse.
901 638 1038 683 Inter
1071 652 1253 702 organa
1290 647 1459 682 autem
1490 650 1617 697 quae
1651 634 1943 681 dicebantur
1978 637 2332 701 grammaticae
2375 640 2428 684 τὸ
2472 637 2795 701 γλωσσηματι-

274 705 354 747 miv
393 720 497 749 non
532 705 766 750 infimum
800 706 967 750 locum
1002 705 1207 749 tenebat
1227 705 1313 764 ⁷⁸).
2528 700 2538 712 ⁸

406 771 495 815 His
524 773 762 834 expositis
805 782 1003 817 transeo
1036 772 1096 817 ad
1126 773 1260 834 ipsos
1299 771 1575 835 glossarum
1614 770 1717 816 sive
1746 770 1926 815 lexeon
1960 771 2239 834 scriptores.
2261 773 2328 832 ⁷⁹)
2410 774 2795 836 Antiquissimus

273 853 477 895 eorum,
514 839 601 901 qui
630 856 689 884 ex
712 840 1071 897 grammaticis
1105 839 1326 898 „lexin“
1361 837 1690 897 scripserunt,
1721 838 1928 882 fortasse
1943 839 2278 899 Apollodorus
2309 849 2413 884 erat
2434 841 2794 903 Cumanum),
2828 881 2831 884 .

271 919 426 965 quem
464 905 683 965 primum
722 905 1103 969 grammaticum
1146 923 1198 951 se
1241 905 1418 950 dixisse
1452 904 1685 950 Clemens
1714 903 2079 949 Alexandrinus
2115 916 2289 952 auctor
2328 916 2429 967 est,
2489 924 2792 970 quamquam

272 970 423 1017 huius
450 982 584 1017 aetas
615 973 943 1018 incertissima
971 982 1057 1017 est.
1130 972 1323 1018 Certior
1351 971 1502 1033 longe
1527 982 1600 1016 est
1626 971 1849 1016 Philetae
1881 970 1972 1015 Coi
1998 974 2266 1033 memoria,
2315 973 2401 1034 qui
2435 974 2586 1020 vitam
2620 992 2648 1020 a
2684 976 2795 1021 Phi-

271 1037 401 1101 lippi
430 1053 584 1102 regno
615 1054 775 1100 usque
808 1038 871 1085 ad
907 1039 1255 1086 Ptolemaeum
1288 1037 1508 1101 primum
1549 1037 1807 1099 perduxit3
1853 1036 1935 1083 hie
1979 1037 2193 1101 glossas,
2233 1041 2479 1102 imprimis
2511 1041 2792 1089 homer-icas

275 1106 328 1152 in
356 1103 587 1156 ’Λτάκτοις
612 1106 715 1152 sive
738 1107 1079 1154 Miscellaneis
1105 1106 1344 1170 exposuit.
1366 1105 1432 1165 ⁸¹)
1505 1105 1622 1151 Post
1644 1105 1888 1151 Philetam
1918 1110 2384 1156 commemorandus
2412 1118 2540 1155 esset
2569 1110 2795 1157 Zenodo—

273 1183 354 1219 tus
391 1174 662 1237 Ephesius,
709 1174 796 1236 qui
826 1175 1052 1220 Philetae
1090 1174 1357 1238 discipulus
1406 1183 1535 1234 erat,
1582 1174 1621 1218 si
1664 1188 1791 1234 quae
1840 1186 2298 1222 commemorantur
2334 1177 2578 1223 Zenodoti
2611 1177 2796 1223 ἐθνικαὶ

273 1240 412 1290 λέξεις
451 1250 502 1287 et
541 1245 647 1301 περὶ
680 1241 848 1299 φωνῶν
891 1242 1015 1292 ζοίων
1052 1242 1250 1288 libellus
1286 1240 1389 1285 sive
1433 1239 1495 1285 de
1528 1275 1555 1300 „
1572 1241 1760 1300 verbis,
1807 1240 1985 1302 quibus
2029 1241 2284 1288 variorum
2317 1243 2606 1290 animalium
2646 1260 2793 1292 voces

274 1308 735 1371 designabantur,“
781 1310 985 1371 Ephesii
1017 1321 1184 1371 neque
1219 1308 1425 1353 iunioris
1469 1308 1725 1352 cuiusdam
1770 1307 2016 1352 Zenodoti
2051 1308 2372 1354 Alexandrini
2409 1312 2563 1355 fuisse
2604 1322 2795 1356 consta-

273 1384 365 1421 ret.
384 1374 453 1434 82)
559 1376 1038 1423 Commemorandus
1083 1386 1211 1422 esset
1254 1374 1432 1420 eodem
1473 1374 1586 1420 loco
1633 1374 1934 1431 Clitarchus,
1981 1374 2133 1420 modo
2180 1387 2455 1437 constaret,
2508 1378 2642 1439 quod
2690 1395 2796 1424 non

273 1452 495 1501 constat,
544 1458 849 1503 quamquam
882 1443 1009 1489 illud
1044 1453 1270 1490 constare
1306 1441 1467 1485 visum
1514 1450 1588 1486 est
1613 1440 1815 1499 Vossio,
1845 1439 2332 1503 Schweighaeusero‚
2373 1443 2505 1502 aliis,
2534 1445 2620 1505 qui
2652 1461 2794 1509 argu-

270 1509 455 1555 mentis
489 1519 685 1569 tamen,
735 1509 868 1570 quod
900 1509 1080 1569 sciam,
1124 1508 1272 1555 nullis
1306 1506 1383 1552 usi
1415 1506 1485 1553 ita
1525 1516 1834 1566 statuerunt,
1878 1506 2185 1553 Clitarchum
2229 1509 2644 1574 glossographum
2687 1527 2792 1558 non

271 1573 528 1622 diversum
563 1591 670 1621 esse
709 1576 768 1623 ab
805 1575 1054 1622 Clitarcho
1108 1590 1275 1622 rerum
1315 1573 1585 1619 Alexandri
1624 1574 1864 1636 scriptore
1883 1572 1969 1634 ⁸³).
2049 1574 2138 1619 His
2179 1576 2335 1641 magis
2379 1585 2496 1623 nota
2536 1586 2687 1639 atque
2721 1587 2794 1625 te-

414 1669 707 1679 ————-—·

414 1708 481 1760 Π)
512 1707 601 1749 Cic.
623 1709 671 1748 de
698 1713 797 1749 orat.
822 1707 860 1758 1,
891 1707 958 1749 42.
1105 1711 1118 1733 ἵ
1133 1707 1171 1757 ⁸)
1201 1705 1341 1747 Bekre.
1368 1707 1520 1747 Aneed.
1542 1720 1580 1758 p.
1592 1705 1671 1746 659
1695 1702 1849 1759 ὄργανα
1869 1705 1912 1747 δέ
1930 1706 2007 1747 εἶσι
2027 1705 2197 1760 τέσσαρα
2217 1704 2265 1748 τοὶ
2289 1709 2383 1762 περί
2413 1704 2488 1763 τὴν
2511 1707 2797 1764 γραμματικήν

270 1760 383 1813 ὄντα,
405 1760 759 1816 γλωσσηματικόν,
789 1764 1002 1816 μετρικόν,
1031 1760 1237 1816 τεχνικόν,
1262 1759 1482 1814 ἱστορικόν.
1536 1759 1589 1799 ib.
1607 1758 1699 1799 671·
1735 1757 1762 1812 ἦ
1799 1756 2053 1815 γραμματική
2074 1757 2138 1801 διὰ
2169 1766 2246 1802 τοῦ
2275 1767 2609 1816 γλωσσηματικοῦ
2627 1766 2694 1806 καὶ
2726 1780 2794 1817 με·

267 1820 414 1872 τρικοῦ
437 1818 506 1859 καὶ
530 1821 715 1870 τεχνικοῦ
742 1815 957 1869 (omissum
974 1815 1094 1869 igitur
1119 1814 1184 1855 hic
1207 1820 1267 1854 est
1298 1813 1523 1870 ἱστορικόν)
1549 1815 1616 1857 καὶ
1646 1813 1825 1856 διδάσκει
1851 1812 1927 1867 τήν
1954 1810 2188 1868 ἀνάγνωσιν
2208 1816 2276 1857 καὶ
2301 1814 2377 1868 τήν
2407 1816 2595 1870 ἐξήγησιν
2622 1818 2691 1861 καὶ
2719 1816 2794 1872 τήν

269 1870 499 1922 διόρθωσιν
522 1875 589 1913 καὶ
606 1871 682 1923 τήν
706 1875 852 1921 κρίσιν.
998 1875 1011 1895 ‘¹
1026 1870 1065 1919 9)
1097 1868 1259 1908 Litteris
1282 1868 1385 1908 haec
1409 1868 1559 1920 aliquot
1592 1868 1708 1907 annis
1737 1872 2023 1907 ante‘exarata
2041 1872 2172 1918 eraut,
2216 1881 2333 1920 quam
2353 1869 2394 1909 in
2414 1883 2555 1910 manus
2580 1883 2692 1911 meas
2719 1884 2792 1911 ve·-

268 1924 375 1964 niret
392 1924 639 1965 Laurentii
654 1922 823 1965 Lei-sch
849 1921 1296 1976 „Spracliphilosophie
1322 1923 1394 1961 der
1411 1920 1528 1962 Alten
1545 1921 1611 1961 ΙΙΙ.
1627 1919 1747 1960 Theil
1777 1920 1888 1960 Bonn
1916 1918 2046 1960 1841“
2084 1920 2149 1961 ubi
2173 1920 2240 1961 hic
2262 1935 2412 1975 quoque
2433 1925 2482 1963 de
2503 1923 2652 1975 glossis
2678 1923 2792 1965 locus

266 1991 312 2030 p.
331 1977 385 2018 63
406 1991 493 2030 sqq.
514 1977 726 2030 diligenter
751 1984 1019 2030 pertractatus
1041 1983 1118 2015 est.
1172 1974 1287 2014 Nolui
1315 1983 1446 2015 autem
1472 1975 1566 2014 hinc
1588 1986 1681 2013 mea
1703 1973 1767 2013 vel
1794 1986 1942 2026 augere
1974 1973 2036 2013 vel
2065 1975 2292 2027 corrigere,
2334 1982 2374 2015 ut
2406 1989 2455 2016 ne
2487 1978 2658 2017 alienam
2677 1991 2794 2018 ines-

271 2044 359 2071 sem
388 2037 539 2071 metere
567 2031 739 2073 viderer.
902 2031 970 2079 ⁸⁰)
999 2027 1145 2068 Schol.
1182 2026 1404 2068 Theodos.
1445 2028 1484 2067 in
1514 2027 1679 2080 Dionys.
1713 2027 1864 2067 Thrae.
1899 2040 1961 2079 gr.
1999 2039 2064 2079 ap.
2096 2027 2311 2070 Burmann.
2355 2029 2395 2069 in
2426 2029 2562 2071 Vales.
2595 2036 2669 2071 art.
2703 2030 2790 2073 crit.

269 2082 403 2138 p.146
428 2086 544 2137 (nam
563 2083 603 2124 iu
628 2083 808 2135 scholiis,
834 2096 936 2137 quae
950 2082 1158 2124 Bekkeriis
1176 2081 1216 2122 in
1239 2088 1448 2135 grammat.
1471 2081 1638 2134 Dionys.
1663 2079 1814 2121 Thrac.
1841 2079 1983 2131 edidit,
2011 2079 2047 2121 is
2069 2093 2147 2121 non
2168 2088 2277 2123 extat
2310 2081 2444 2134 locus)
2486 2082 2737 2140 Αὐτόδωρος
2770 2082 2795 2128 ὅ

271 2143 466 2190 Κυμαῖος
485 2139 701 2192 συγγραψά
734 2155 826 2187 ενος
855 2140 972 2189 λέξιν,
1010 2139 1232 2188 ἐπέγραψεν
1262 2136 1550 2190 ,,Αυ’τοδοῖρου
1583 2139 1864 2190 γραμματικοῦ
1891 2138 1997 2185 λέξιν
2011 2135 2053 2174 “-
2102 2134 2179 2173 Hic
2205 2136 2494 2188 ‚,Apollodori“
2526 2150 2673 2178 nomen
2699 2152 2795 2191 pro-

265 2190 457 2231 habiliter
489 2191 668 2243 reposuit
724 2192 928 2231 lassenus
958 2191 1007 2230 de
1035 2202 1202 2242 gramm.
1222 2202 1355 2240 graec.
1387 2188 1578 2241 primord.
1600 2202 1638 2241 p.
1649 2188 1711 2239 8.‚
1740 2201 1855 2240 quem
1876 2187 2052 2240 sequitur
2070 2186 2300 2229 Prellcrus
2320 2188 2395 2229 Le.
2426 2204 2462 2241 p.
2478 2190 2519 2230 9.
2574 2190 2794 2232 Clementis
2818 2220 2825 2224 -

268 2243 399 2285 locum
445 2244 559 2297 posui
593 2257 715 2297 supra
743 2250 824 2284 not.
857 2243 924 2284 54.
1071 2243 1137 2293 ⁸¹)
1166 2241 1363 2282 Philetam
1392 2241 1692 2282 Hermesianax
1722 2241 1879 2293 quidem
1910 2253 1975 2294 ap.
2003 2238 2169 2281 Athen.
2190 2239 2303 2293 xm,
2340 2242 2469 2284 598.f
2501 2242 2611 2285 circa
2642 2245 2793 2285 omnia

269 2296 468 2338 vocabula
493 2303 532 2337 et
553 2311 718 2338 omnem
746 2310 972 2338 sermonem
1001 2295 1237 2336 elaborasse
1267 2295 1361 2336 dicit
1393 2297 1506 2350 (περὶ
1534 2294 1668 2338 πάντα
1694 2296 1855 2349 ῥήματα
1889 2300 1957 2338 καὶ
1986 2300 2122 2337 πᾶσαν
2145 2291 2370 2347 τρυόμενον
2395 2300 2580 2351 λαλίην),
2617 2303 2793 2339 attamen

271 2353 323 2391 ad
342 2350 506 2405 glossas
528 2359 680 2391 tantum
700 2351 784 2391 sive
808 2355 857 2391 ad
886 2350 1158 2391 reconditiora
1179 2349 1375 2390 vocabula
1399 2351 1447 2392 τὰ
1474 2354 1549 2393 τοῦ
1563 2354 1719 2403 Φιλητᾶ
1744 2353 1880 2404 βιβλία
1919 2354 2126 2401 spectasse
2148 2354 2229 2388 tum
2253 2349 2388 2390 Strato
2412 2352 2587 2392 comicus
2614 2350 2794 2392 luculen-

271 2412 333 2445 ter
353 2406 467 2445 docet
486 2417 537 2458 ap
564 2403 729 2445 Athen.
753 2404 983 2456 1Χ,383,1»,
1016 2409 1098 2443 tum
1125 2403 1328 2454 inscriptio
1358 2405 1603 2444 demonstrat
1628 2406 1672 2447 ἐν
1705 2400 1894 2452 ἀτάκτοις
1962 2402 2206 2454 tonate,
2237 2415 2314 2455 qua
2329 2401 2793 2458 schoI.ApoIl.thod.

270 2458 448 2508 IV,989,
478 2461 521 2501 ἐν
549 2457 826 2513 γλώτταις,
855 2470 931 2509 qua
952 2457 1094 2512 Etym.
1114 2456 1175 2497 M.
1197 2456 1297 2505 330,
1322 2457 1374 2496 39
1400 2458 1544 2505 utitur3
1575 2469 1813 2509 quamquam
1839 2458 1890 2497 ab
1913 2420 2072 2497 ffhsseta
2102 2454 2342 2507 ipsolibros
2369 2456 2542 2510 simplici
2576 2455 2794 2502 'Arduum

271 2510 400 2551 indice
425 2512 640 2565 inscriptos
670 2524 761 2552 esse
793 2512 979 2551 arbitror.
1048 2509 1162 2559 Quae
1185 2515 1316 2548 antem
1337 2517 1508 2550 aetatem
1528 2510 1700 2551 tulerunt
1728 2509 1978 2564 fragmenta,
2021 2510 2187 2549 suadent
2212 2516 2254 2549 ut
2276 2511 2326 2550 ad
2350 2508 2589 2552 Homericas
2625 2512 2791 2565 potissi-

271 2577 379 2604 mum
401 2564 562 2617 glossas
577 2596 589 2616 ,
616 2578 743 2617 neque
764 2572 897 2604 tamen
924 2565 973 2605 ad
1001 2563 1081 2603 has
1103 2562 1214 2602 solas
1239 2563 1477 2615 pertinuisse
1498 2571 1718 2605 statuamus
1739 2562 2030 2610 Miscellanea3
2049 2573 2143 2603 nam
2168 2563 2363 2614 quaedam
2383 2563 2548 2615 glossae
2570 2566 2621 2605 al»
2642 2564 2794 2605 Home-

270 2618 367 2657 ricis
397 2618 638 2658 carminibus
669 2619 911 2667 abhorrent,
955 2615 1076 2656 veluti
1110 2616 1291 2670 α’μόραι,
1336 2616 1544 2668 ἄμφωτις,
1594 2616 1773 2672 ἅστλιγξ,
1808 2616 1979 2671 ’Λχαιά,
2008 2614 2168 2669 ”.Αχνη,
2197 2617 2353 2669 δεῖνος,
2393 2615 2565 2673 κρήῖον,
2604 2616 2793 2672 duanae.
2828 2629 2834 2638 ’

269 2668 439 2727 πρόκες,
468 2673 694 2725 προχύτης,
723 2676 927 2719 unanime,
961 2678 1131 2725 σκεῖρος,
1163 2668 1295 2715 aliae;
1324 2677 1461 2709 contra
1489 2670 1729 2710 Homericae
1758 2677 1848 2710 sunt
1883 2667 2125 2724 ου’λοχύται,
2154 2670 2309 2722 πηγός,
2338 2672 2526 2724 χέρνιβα,
2553 2676 2790 2723 „patmum

270 2729 448 2777 μοίρας,
478 2727 658 2778 δίπτυχ’,
685 2723 906 2778 ὄβελούς“,
936 2723 961 2767 ἆ
990 2724 1115 2776 udan,
1145 2721 1302 2773 ἶν’ωτον,
1333 2725 1526 2775 ἴσθμιον,
1558 2726 1779 2772 κύπελλον,
1809 2726 1942 2766 πέλλαι.
2002 2721 2326 2772 ‚,Miscellanea“
2356 2724 2537 2765 Philetas
2566 2724 2795 2777 insci-ipses

269 2778 324 2820 rit
346 2778 504 2831 librum,
536 2780 636 2833 quod
660 2778 850 2821 liberiore
871 2791 946 2833 quo
976 2790 1042 2819 am
1069 2776 1208 2819 ordine
1236 2776 1388 2831 passim
1414 2782 1450 2819 et
1479 2777 1592 2832 qnasi
1622 2791 1694 2833 per
1717 2782 1895 2819 saturam
1918 2782 2026 2818 esset
2049 2775 2279 2831 dispositus.
2335 2775 2504 2820 Praeter
2526 2776 2793 2822 Miscellanea

260 2832 450 2876 Philetas
469 2834 773 2873 commentarios
801 2846 954 2887 quoque
979 2834 1019 2870 in
1038 2833 1257 2871 Homerum
1275 2831 1505 2882 scripse-rit,
1534 2833 1673 2886 quibus
1693 2832 1880 2870 iudicium
1918 2844 2028 2870 suum
2063 2832 2112 2870 de
2143 2832 2355 2873 verborum
2380 2840 2591 2885 contextu,
2627 2835 2692 2888 qui
2718 2846 2790 2874 vo-

269 2895 404 2936 catur,
433 2887 705 2927 constituendo
727 2888 892 2933 tulerit3.
911 2886 1208 2927 commentariis
1230 2885 1294 2924 his
1311 2886 1569 2925 Aristarchus
1591 2886 1823 2936 opposuerit
1844 2888 1886 2927 rd
1916 2885 2019 2934 πρὸς
2033 2890 2216 2935 Φιλητῖιν
2234 2885 2494 2937 adiungere,
2524 2890 2625 2936 quod
2646 2890 2685 2926 in
2704 2888 2789 2927 Ho-

259 2939 433 2988 ,merit-is
458 2938 622 2983 scholiis
648 2938 772 2983 semel
806 2939 847 2983 iu
866 2943 1002 2995 partes
1020 2943 1209 2988 vocatum
1249 2948 1302 2980 ex
1334 2936 1413 2981 illis
1441 2938 1611 2993 repetita
1640 2936 1741 2991 sint,
1783 2950 2051 2993 quiaecnmquo
2091 2936 2132 2982 in
2163 2935 2308 2982 iisdem
2332 2935 2501 2997 scholiis
2531 2936 2592 2984 vel
2632 2936 2673 2983 iu
2704 2936 2788 2985 Eu-

268 2996 417 3034 stathio
454 2996 506 3031 ad
535 2995 657 3032 crisin
679 2995 937 3033 Homericam
969 2994 1194 3048 spectantia
1215 2999 1416 3045 tamquam
1447 2995 1496 3030 al·
1525 2993 1683 3031 Phileto
1711 2994 1892 3046 proiecta
1921 2994 2152 3034 afferuntur.
2220 2992 2281 3031 Cf.
2312 2992 2460 3034 Ii‘icol.
2479 2993 2610 3034 Bada
2643 2993 2788 3039 Rhitet.

267 3064 308 3099 p.
328 3048 383 3089 68
402 3063 491 3099 sqq.
642 3049 709 3097 ⁸²)
738 3048 933 3088 Zenodoti
954 3050 1150 3095 ἐθνικαῖς1
1172 3047 1372 3099 γλώσσαις
1405 3047 1673 3086 testimonium
1694 3049 1950 3087 denunciatur
1974 3050 2025 3087 ali
2052 3047 2226 3086 Galam»
2251 3045 2455 3096 explanat.
2487 3063 2574 3087 voc.
2593 3049 2645 3087 Hi
2678 3062 2786 3099 poor.

268 3113 307 3156 p.-
325 3098 418 3144 540.
435 3099 528 3143 542.
583 3098 686 3142 Hinc
714 3099 838 3156 petita
855 3099 1038 3143 videntur
1068 3099 1325 3152 Zenodotea,
1365 3110 1465 3153 quae
1498 3098 1604 3154 apud
1633 3095 1798 3142 Athen.
1824 3098 1915 3153 Vll,
1935 3098 2033 3151 327,
2055 3098 2080 3140 b
2107 3095 2186 3148 xl,
2213 3093 2316 3150 478,
2343 3110 2364 3141 e
2393 3096 2588 3153 leguntur.
2648 3064 2713 3144 ih
2738 3099 2788 3143 li·-

264 3155 369 3194 bello
391 3160 482 3206 περὶ
503 3160 663 3198 ωωνοῖν
688 3157 804 3205 ζώων
833 3155 886 3194 cf.
913 3155 961 3195 V
958 3155 1204 3194 alca-enam·
1229 3154 1467 3192 Animadvv.
1488 3155 1528 3192 in
1548 3155 1729 3193 Ammon.
1746 3153 1812 3204 Ill,
1838 3154 1891 3194 18
1917 3166 1957 3206 p.
1967 3154 2062 3196 228.
2141 3154 2208 3202 ⁸³)
2236 3151 2503 3205 Harpocratio
2527 3167 2627 3197 etim.
2643 3166 2680 3194 v.
2703 3156 2786 3199 ὄπι.-

260 3211 414 3263 βὶῆτας
436 3215 721 3250 commemoret
741 3212 987 3263 Κλείταρχον
1008 3205 1087 3251 τὸν
1120 3206 1466 3261 γλωσσογράφον,
1498 3222 1537 3248 v·
1563 3206 1845 3258 ὁμηρεύοντας
1865 3215 1998 3248 autem
2022 3204 2150 3247 solum
2169 3203 2317 3250 habeat
2340 3214 2582 3263 Κλείταρχος
2600 3212 2647 3253 ἐν
2669 3214 2720 3251 y·
2745 3210 2786 3257 ό,

263 3261 569 3318 grammaticum
602 3261 760 3304 videtur
788 3263 839 3305 ab
864 3275 1001 3304 rerum
1027 3260 1224 3316 scriptore
1256 3261 1503 3316 distinguere
1534 3259 1725 3303 voluisse.
1787 3261 1903 3314 Apud
1931 3256 2215 3302 Athenaeum
2241 3257 2305 3300 bis
2325 3259 2400 3313 xl,
2425 3260 2571 3316 wiht}
2591 3225 2781 3311 enflad

261 3323 373 3358 extat
397 3315 576 3371 Σιληνὸς
599 3319 666 3360 καὶ
688 3320 957 3371 Κλείταρχος,
994 3316 1119 3356 semel
1151 3316 1208 3365 X,
1230 3315 1334 3365 478,
1360 3327 1381 3354 e
1427 3320 1501 3358 Σιλ
1535 3315 1609 3365 νὸς
1633 3317 1702 3358 καὶ
1729 3319 1973 3377 ,Κλείταρχος
1999 3315 2054 3356 ἔτι
2084 3313 2128 3358 δὲ
2160 3311 2423 3373 Ζηινόὼτοςς
2470 3316 2667 3356 crederes-⁴
2690 3313 2784 3360 hitto

256 3369 505 3412 Clitarchum
523 3376 655 3411 aetate
673 3369 937 3423 posteriorem
956 3368 1087 3411 fuisse
1109 3367 1247 3409 Sileno
1262 3397 1275 3419 ‚
1304 3368 1369 3421 qui
1393 3367 1495 3410 inter
1555 3367 1771 3409 annibalici
1802 3366 1897 3409 beth
1927 3373 1966 3407 et
1988 3366 2196 3413 Ciceronis
2225 3372 2408 3421 tempora
2429 3368 2583 3413 vixisse
2607 3366 2774 3416 videtur,
